% This file was created with JabRef 2.10.
% Encoding: UTF-8


@Book{mccandless2008,
  Title                    = {The ABCs of RBCs: an introduction to dynamic macroeconomic models.},
  Author                   = {George Mccandless},
  Publisher                = {Harvard University Press},
  Year                     = {2008},

  Owner                    = {nelson},
  Timestamp                = {2017.11.07}
}

